@article{chen2017industry,
  title={Industry 4.0: A survey on technologies, applications and open research issues},
  author={Chen, Baotong and Wan, Jiafu and Shu, Lei and Li, Peng and Mukherjee, Mithun and Yin, Bangjun},
  journal={Journal of Industrial Information Integration},
  volume={6},
  pages={1--10},
  year={2017},
  publisher={Elsevier}
}

@article{zhang2019deep,
  title={Deep learning algorithms for bearing fault diagnostics: A comprehensive review},
  author={Zhang, Wei and Peng, Gaoliang and Li, Chuanhao and Chen, Yuanhang and Zhang, Zhujun},
  journal={Applied Sciences},
  volume={9},
  number={8},
  pages={1583},
  year={2019},
  publisher={MDPI}
}

@article{zhao2019deep,
  title={Deep learning for fault diagnosis in manufacturing: a systematic review},
  author={Zhao, Rui and Yan, Ruqiang and Chen, Zhenghua and Mao, Kezhi and Wang, Peng and Gao, Robert X},
  journal={Journal of Manufacturing Systems},
  volume={50},
  pages={1--16},
  year={2019},
  publisher={Elsevier}
}

@article{lei2016intelligent,
  title={An intelligent fault diagnosis method using unsupervised feature learning towards mechanical big data},
  author={Lei, Yaguo and Yang, Biao and Jiang, Xinwei and Jia, Feng and Li, Naipeng and Nandi, Asoke K},
  journal={IEEE Transactions on Industrial Electronics},
  volume={63},
  number={5},
  pages={3137--3147},
  year={2016},
  publisher={IEEE}
}

@article{liu2018artificial,
  title={Artificial intelligence for fault diagnosis of rotating machinery: A review},
  author={Liu, Ruonan and Yang, Boyuan and Zio, Enrico and Chen, Xuefeng},
  journal={Mechanical Systems and Signal Processing},
  volume={108},
  pages={33--47},
  year={2018},
  publisher={Elsevier}
}

@article{khan2018review,
  title={A review on the application of deep learning in system health management},
  author={Khan, Samir and Yairi, Takehisa},
  journal={Mechanical Systems and Signal Processing},
  volume={107},
  pages={241--265},
  year={2018},
  publisher={Elsevier}
}

@article{hochreiter1997long,
  title={Long short-term memory},
  author={Hochreiter, Sepp and Schmidhuber, J{"u}rgen},
  journal={Neural computation},
  volume={9},
  number={8},
  pages={1735--1780},
  year={1997},
  publisher={MIT Press}
}

@article{filonov2016multivariateindustrialtimeseries,
  title={Multivariate industrial time series with cyber-attack simulation: Fault detection using an LSTM-based predictive data model},
  author={Filonov, Pavel and Lavrentyev, Andrey and Vorontsov, Artem},
  journal={arXiv preprint arXiv:1612.06676},
  year={2016}
}

@article{vaswani2017attention,
  title={Attention is all you need},
  author={Vaswani, Ashish and Shazeer, Noam and Parmar, Niki and Uszkoreit, Jakob and Jones, Llion and Gomez, Aidan N and Kaiser, Lukasz and Polosukhin, Illia},
  journal={Advances in neural information processing systems},
  volume={30},
  year={2017}
}

@article{wen2021time,
  title={Time series data augmentation for deep learning: a survey},
  author={Wen, Qingsong and Sun, Liang and Yang, Fan and Song, Xiaomin and Gao, Jingkun and Wang, Xue and Xu, Huan},
  journal={arXiv preprint arXiv:2002.12478},
  year={2021}
}

@article{lei2020applications,
  title={Applications of machine learning to machine fault diagnosis: A review and roadmap},
  author={Lei, Yaguo and Yang, Biao and Jiang, Xinwei and Jia, Feng and Li, Naipeng and Nandi, Asoke K},
  journal={Mechanical Systems and Signal Processing},
  volume={138},
  pages={106587},
  year={2020},
  publisher={Elsevier}
}

@article{zhou2021informer,
  title={Informer: Beyond efficient transformer for long sequence time-series forecasting},
  author={Zhou, Haoyi and Zhang, Shanghang and Peng, Jieqi and Zhang, Shuai and Li, Jianxin and Xiong, Hui and Zhang, Wancai},
  journal={Proceedings of AAAI},
  year={2021}
}

@article{pascanu2013difficulty,
  title={On the difficulty of training recurrent neural networks},
  author={Pascanu, Razvan and Mikolov, Tomas and Bengio, Yoshua},
  journal={International conference on machine learning},
  pages={1310--1318},
  year={2013},
  organization={PMLR}
}

@article{chawla2002smote,
  title={SMOTE: synthetic minority over-sampling technique},
  author={Chawla, Nitesh V and Bowyer, Kevin W and Hall, Lawrence O and Kegelmeyer, W Philip},
  journal={Journal of artificial intelligence research},
  volume={16},
  pages={321--357},
  year={2002}
}

@article{sun2022multiscale,
  title={A multiscale fault diagnosis method based on information entropy and wavelet packet energy},
  author={Sun, Zhisheng and Wang, Baoping and Dong, Xiang and Yang, Qianming},
  journal={Entropy},
  volume={24},
  number={1},
  pages={49},
  year={2022},
  publisher={MDPI}
}

@article{wen2021review,
  title={A review of machine learning and artificial intelligence in condition monitoring and fault diagnosis},
  author={Wen, Long and Li, Xinyu and Gao, Liang and Zhang, Yuyan},
  journal={IEEE Access},
  volume={9},
  pages={107589--107610},
  year={2021},
  publisher={IEEE}
}

@article{lin2017focal,
  title={Focal loss for dense object detection},
  author={Lin, Tsung-Yi and Goyal, Priya and Girshick, Ross and He, Kaiming and Doll{\'a}r, Piotr},
  journal={Proceedings of the IEEE international conference on computer vision},
  pages={2980--2988},
  year={2017}
}

@article{ba2016layer,
  title={Layer normalization},
  author={Ba, Jimmy Lei and Kiros, Jamie Ryan and Hinton, Geoffrey E},
  journal={arXiv preprint arXiv:1607.06450},
  year={2016}
}

@article{bahdanau2015neural,
  title={Neural machine translation by jointly learning to align and translate},
  author={Bahdanau, Dzmitry and Cho, Kyunghyun and Bengio, Yoshua},
  journal={arXiv preprint arXiv:1409.0473},
  year={2015}
}

@article{shaw2018self,
  title={Self-attention with relative position representations},
  author={Shaw, Peter and Uszkoreit, Jakob and Vaswani, Ashish},
  journal={arXiv preprint arXiv:1803.02155},
  year={2018}
}

@article{wang2020linformer,
  title={Linformer: Self-attention with linear complexity},
  author={Wang, Sinong and Li, Belinda Z and Khabsa, Madian and Fang, Han and Ma, Hao},
  journal={arXiv preprint arXiv:2006.04768},
  year={2020}
}

@article{choromanski2021rethinking,
  title={Rethinking attention with performers},
  author={Choromanski, Krzysztof and Likhosherstov, Valerii and Dohan, David and Song, Xingyou and Gane, Andreea and Sarlos, Tamas and Hawkins, Peter and Davis, Jared and Mohiuddin, Afroz and Kaiser, Lukasz and others},
  journal={arXiv preprint arXiv:2009.14794},
  year={2021}
}

@article{kingma2014adam,
  title={Adam: A method for stochastic optimization},
  author={Kingma, Diederik P and Ba, Jimmy},
  journal={arXiv preprint arXiv:1412.6980},
  year={2014}
}

@article{loshchilov2019decoupled,
  title={Decoupled weight decay regularization},
  author={Loshchilov, Ilya and Hutter, Frank},
  journal={arXiv preprint arXiv:1711.05101},
  year={2019}
}

@article{loshchilov2016sgdr,
  title={SGDR: Stochastic gradient descent with warm restarts},
  author={Loshchilov, Ilya and Hutter, Frank},
  journal={arXiv preprint arXiv:1608.03983},
  year={2016}
}

@article{smith2018superconvergence,
  title={Super-convergence: very fast training of neural networks using large learning rates},
  author={Smith, Leslie N},
  journal={arXiv preprint arXiv:1708.07120},
  year={2018}
}

@article{srivastava2014dropout,
  title={Dropout: a simple way to prevent neural networks from overfitting},
  author={Srivastava, Nitesh and Hinton, Geoffrey and Krizhevsky, Alex and Sutskever, Ilya and Salakhutdinov, Ruslan},
  journal={The journal of machine learning research},
  volume={15},
  number={1},
  pages={1929--1958},
  year={2014},
  publisher={JMLR.org}
}

@book{goodfellow2016deep,
  title={Deep learning},
  author={Goodfellow, Ian and Bengio, Yoshua and Courville, Aaron},
  year={2016},
  publisher={MIT press}
}

@article{he2009learning,
  title={Learning from imbalanced data},
  author={He, Haibo and Garcia, Edwardo A},
  journal={IEEE Transactions on knowledge and data engineering},
  volume={21},
  number={9},
  pages={1263--1284},
  year={2009},
  publisher={IEEE}
}

@article{krawczyk2016learning,
  title={Learning from imbalanced data: open challenges and future directions},
  author={Krawczyk, Bartosz},
  journal={Progress in Artificial Intelligence},
  volume={5},
  number={4},
  pages={221--232},
  year={2016},
  publisher={Springer}
}

@article{saito2015precision,
  title={The precision-recall plot is more informative than the ROC plot when evaluating binary classifiers on imbalanced datasets},
  author={Saito, Takaya and Rehmsmeier, Marc},
  journal={PloS one},
  volume={10},
  number={3},
  pages={e0118432},
  year={2015},
  publisher={Public Library of Science San Francisco, CA USA}
}

@book{hastie2009elements,
  title={The elements of statistical learning: data mining, inference, and prediction},
  author={Hastie, Trevor and Tibshirani, Robert and Friedman, Jerome},
  year={2009},
  publisher={Springer Science \& Business Media}
}

@inproceedings{davis2006relationship,
  title={The relationship between Precision-Recall and ROC curves},
  author={Davis, Jesse and Goadrich, Mark},
  booktitle={Proceedings of the 23rd international conference on Machine learning},
  pages={233--240},
  year={2006},
  organization={ACM}
}